@misc{wiki-sha,
  title        = "SHA-1",
  author       = "Википедия",
  howpublished = "\url{https://ru.wikipedia.org/wiki/SHA-1}",
  year         = 2023,
  note         = "(Дата обращения: 10.11.2023)"
}

@misc{wiki-rsa,
  title        = "RSA",
  author       = "Википедия",
  howpublished = "\url{https://ru.wikipedia.org/wiki/RSA}",
  year         = 2023,
  note         = "(Дата обращения: 10.11.2023)"
}

@misc{wiki-ds,
  title        = "Digital signature",
  author       = "Википедия",
  howpublished = "\url{https://en.wikipedia.org/wiki/Digital_signature}",
  year         = 2023,
  note         = "(Дата обращения: 10.11.2023)"
}

@misc{hacker,
  title        = "Гайд по криптографии: что такое электронная цифровая подпись и как она работает",
  author       = "Анастасия Береснева",
  howpublished = "\url{https://xakep.ru/2016/12/15/crypto-part5/}",
  year         = 2023,
  note         = "(Дата обращения: 10.11.2023)"
}

@Comment{jabref-meta: databaseType:bibtex;}
