@misc{grabbe,
  title        = "The DES Algorithm Illustrated",
  author       = "J. Orlin Grabbe",
  howpublished = "\url{https://page.math.tu-berlin.de/~kant/teaching/hess/krypto-ws2006/des.htm/}",
  journal = {Laissez Faire City Times},
  note         = "(Дата обращения: 12.10.2023)"
}

@misc{wiki-des,
  title        = "DES",
  author       = "Википедия",
  howpublished = "\url{https://ru.wikipedia.org/wiki/DES/}",
  year         = 2023,
  note         = "(Дата обращения: 12.10.2023)"
}

@misc{wiki-pcbc,
  title        = "Режим шифрования",
  author       = "Википедия",
  howpublished = "\url{https://ru.wikipedia.org/wiki/Режим_шифрования/}",
  year         = 2023,
  note         = "(Дата обращения: 12.10.2023)"
}

@Comment{jabref-meta: databaseType:bibtex;}
