@Article{stripp,
  author  = {A. Stripp},
  title   = {Codebreakers: The Inside Story of Bletchley Park},
  year    = {1993},
}

@Article{singh,
  author  = {С. Сингх},
  journal = {Астрель},
  title   = {Книга шифров. Тайная история шифров и их расшифровки},
  year    = {2007},
}

@Article{bauer,
  author  = {Ф. Бауэр},
  journal = {Мир},
  title   = {Расшифрованные секреты. Методы и принципы криптологии},
  year    = {2007},
}

@misc{wiki,
  title        = "Энигма",
  author       = "Википедия",
  howpublished = "\url{https://ru.wikipedia.org/wiki/Энигма/}",
  year         = 2023,
  note         = "(Дата обращения: 15.09.2023)"
}

@Comment{jabref-meta: databaseType:bibtex;}
