@misc{HuffmanCode,
  title        = "Код Хаффмана",
  author       = "Википедия",
  howpublished = "\url{https://en.wikipedia.org/wiki/Huffman_coding}",
  year         = 2023,
  note         = "(Дата обращения: 13.12.2023)"
}

@Comment{jabref-meta: databaseType:bibtex;}
