@article{wadday,
	author = {Wadday, Ahmed and Mohammed, Hayder and Abdullah, Ali},
	year = {2018},
	month = {04},
	pages = {},
	title = {Study of WiMAX Based Communication Channel Effects on the Ciphered Image Using MAES Algorithm},
	volume = {13},
	journal = {International Journal of Applied Engineering Research}
}

@misc{key-schedule,
  title        = "AES key schedule",
  author       = "Википедия",
  howpublished = "\url{https://en.m.wikipedia.org/wiki/AES_key_schedule}",
  year         = 2023,
  note         = "(Дата обращения: 18.10.2023)"
}

@misc{wiki-aes,
  title        = "AES",
  author       = "Википедия",
  howpublished = "\url{https://en.wikipedia.org/wiki/Advanced_Encryption_Standard}",
  year         = 2023,
  note         = "(Дата обращения: 18.10.2023)"
}

@misc{wiki-ofb,
  title        = "Block cipher mode of operation",
  author       = "Википедия",
  howpublished = "\url{https://en.wikipedia.org/wiki/Block_cipher_mode_of_operation}",
  year         = 2023,
  note         = "(Дата обращения: 18.10.2023)"
}

@Comment{jabref-meta: databaseType:bibtex;}
